<?xml version="1.0" encoding="utf-8"?>
<record xmlns="http://www.loc.gov/MARC21/slim" xmlns:xsi="http://www.w3.org/2001/XMLSchema-instance" xsi:schemaLocation="http://www.loc.gov/MARC21/slim http://www.loc.gov/standards/marcxml/schema/MARC21slim.xsd">
	<leader>     nam a22     Mi 4500</leader>
	<controlfield tag="001">b12396527</controlfield>
	<controlfield tag="003">LeBAU</controlfield>
	<controlfield tag="006">m        d        </controlfield>
	<controlfield tag="007">cr cn |||m|||a</controlfield>
	<controlfield tag="008">190920s1950    ua      o     1|0 0 ara d</controlfield>
	<datafield ind1=" " ind2=" " tag="040">
		<subfield code="a">ZYU</subfield>
		<subfield code="b">ara</subfield>
		<subfield code="e">rda</subfield>
		<subfield code="c">ZYU</subfield>
	</datafield>
	<datafield ind1="0" ind2="4" tag="082">
		<subfield code="a">309.56</subfield>
		<subfield code="2">20</subfield>
	</datafield>
	<datafield ind1="2" ind2=" " tag="111">
		<subfield code="6">880-01</subfield>
		<subfield code="a">Ḥalaqat al-dirāsāt al-ijtimāʻīyah lil-duwal al-ʻArabīyah</subfield>
		<subfield code="n">(1 :</subfield>
		<subfield code="d">1949 :</subfield>
		<subfield code="c">Beirut, Lebanon)</subfield>
	</datafield>
	<datafield ind1="1" ind2="0" tag="245">
		<subfield code="6">880-02</subfield>
		<subfield code="a">Ḥalaqat al-dirāsāt al-ijtimāʻīyah lil-duwal al-ʻArabīyah.</subfield>
		<subfield code="n">al-ijtimāʻ al-awwal,</subfield>
		<subfield code="p">al-muḥāḍarāt wa-al-buḥūth wa-al-taqārīr /</subfield>
		<subfield code="c">al-Mamlakah al-Miṣrīyah, Wizārat al-Shuʼūn al-Ijtimāʻīyah.</subfield>
	</datafield>
	<datafield ind1=" " ind2="1" tag="264">
		<subfield code="6">880-03</subfield>
		<subfield code="a">[Miṣr] :</subfield>
		<subfield code="b">Maṭbaʻat Miṣr Sharikah Musāhimah Miṣrīyah,</subfield>
		<subfield code="c">1950.</subfield>
	</datafield>
	<datafield ind1=" " ind2=" " tag="300">
		<subfield code="6">880-04</subfield>
		<subfield code="a">online resource (a-d, 544 pages)</subfield>
	</datafield>
	<datafield ind1=" " ind2=" " tag="336">
		<subfield code="a">text</subfield>
		<subfield code="2">rdacontent</subfield>
	</datafield>
	<datafield ind1=" " ind2=" " tag="337">
		<subfield code="a">computer</subfield>
		<subfield code="2">rdamedia</subfield>
	</datafield>
	<datafield ind1=" " ind2=" " tag="338">
		<subfield code="a">online resource</subfield>
		<subfield code="2">rdacarrier</subfield>
	</datafield>
	<datafield ind1=" " ind2=" " tag="500">
		<subfield code="a">Part of the Arabic Collections Online (ACO) project, contributed by American University of Beirut's Jafet Memorial Library.</subfield>
	</datafield>
	<datafield ind1=" " ind2=" " tag="533">
		<subfield code="a">Electronic reproduction.</subfield>
		<subfield code="b">New York, N.Y. :</subfield>
		<subfield code="c">New York University,</subfield>
		<subfield code="d">2019.</subfield>
		<subfield code="5">NNU</subfield>
	</datafield>
	<datafield ind1=" " ind2="0" tag="650">
		<subfield code="6">880-05</subfield>
		<subfield code="a">Social problems</subfield>
		<subfield code="z">Arab countries</subfield>
		<subfield code="v">Congresses.</subfield>
	</datafield>
	<datafield ind1=" " ind2="0" tag="650">
		<subfield code="6">880-06</subfield>
		<subfield code="a">Community development</subfield>
		<subfield code="z">Arab countries</subfield>
		<subfield code="v">Congresses.</subfield>
	</datafield>
	<datafield ind1=" " ind2="0" tag="651">
		<subfield code="6">880-07</subfield>
		<subfield code="a">Arab countries</subfield>
		<subfield code="x">Social conditions</subfield>
		<subfield code="v">Congresses.</subfield>
	</datafield>
	<datafield ind1="2" ind2=" " tag="710">
		<subfield code="6">880-08</subfield>
		<subfield code="a">Egypt.</subfield>
		<subfield code="b">Wizārat al-Shuʼūn al-Ijtimāʻīyah,</subfield>
		<subfield code="e">issuing body.</subfield>
	</datafield>
	<datafield ind1="2" ind2=" " tag="710">
		<subfield code="a">Jafet Memorial Library.</subfield>
	</datafield>
	<datafield ind1="0" ind2=" " tag="730">
		<subfield code="a">Arabic Collections Online.</subfield>
	</datafield>
	<datafield ind1="0" ind2="8" tag="776">
		<subfield code="i">Print version:</subfield>
		<subfield code="t">Ḥalaqat al-dirāsāt al-ijtimāʻīyah lil-duwal al-ʻArabīyah</subfield>
		<subfield code="w">(LeBAU)b12396527</subfield>
	</datafield>
	<datafield ind1="4" ind2="0" tag="856">
		<subfield code="u">http://hdl.handle.net/2333.1/hmgqntz3</subfield>
	</datafield>
	<datafield ind1="2" ind2=" " tag="880">
		<subfield code="6">111-01</subfield>
		<subfield code="a">حلقة الدراسات الإجتماعية للدول العربية</subfield>
		<subfield code="n">(1 :</subfield>
		<subfield code="d">1949 :</subfield>
		<subfield code="c">بيروت، لبنان)</subfield>
	</datafield>
	<datafield ind1="1" ind2="0" tag="880">
		<subfield code="6">245-02</subfield>
		<subfield code="a">حلقة الدراسات الإجتماعية للدول العربية.</subfield>
		<subfield code="n">الإجتماع الأول،</subfield>
		<subfield code="p">المحاضرات والبحوث والتقارير /</subfield>
		<subfield code="c">المملكة المصرية، وزارة الشؤون الإجتماعية.</subfield>
	</datafield>
	<datafield ind1=" " ind2="1" tag="880">
		<subfield code="6">264-03</subfield>
		<subfield code="a">[مصر] :</subfield>
		<subfield code="b">مطبعة مصر شركة مساهمة مصرية،</subfield>
		<subfield code="c">1950.</subfield>
	</datafield>
	<datafield ind1=" " ind2=" " tag="880">
		<subfield code="6">300-04</subfield>
		<subfield code="a">ا-د، 544 صفحات ؛</subfield>
		<subfield code="c">31 سم</subfield>
	</datafield>
	<datafield ind1=" " ind2=" " tag="880">
		<subfield code="6">500-00</subfield>
		<subfield code="a">&quot;عقد الإجتماع الأول لحلقة الدراسات بقصر اليونسكو بمدينة بيروت بلبنان سنة 1949.&quot;</subfield>
	</datafield>
	<datafield ind1="0" ind2=" " tag="880">
		<subfield code="6">505-00</subfield>
		<subfield code="a">اللجنة الأولى. توجيه الانعاش الاجتماعي وادارته -- اللجنة الثانية. رعاية الطفولة -- اللجنة الثالثة. اعداد الاخصائيين الاجتماعيين -- اللجنة الرابعة (ا). شئون الريف الاجتماعية -- اللجنة الرابعة (ب). شئون البدو الاجتماعية -- اللجنة الخامسة. شئون اللاجئين.</subfield>
	</datafield>
	<datafield ind1=" " ind2="4" tag="880">
		<subfield code="6">650-05</subfield>
		<subfield code="a">المشاكل الإجتماعية</subfield>
		<subfield code="z">البلدان العربية</subfield>
		<subfield code="v">مؤتمرات.</subfield>
	</datafield>
	<datafield ind1=" " ind2="4" tag="880">
		<subfield code="6">650-06</subfield>
		<subfield code="a">تنمية المجتمع</subfield>
		<subfield code="z">البلدان العربية</subfield>
		<subfield code="v">مؤتمرات.</subfield>
	</datafield>
	<datafield ind1=" " ind2="4" tag="880">
		<subfield code="6">651-07</subfield>
		<subfield code="a">البلدان العربية</subfield>
		<subfield code="x">الاحوال الاجتماعية</subfield>
		<subfield code="v">مؤتمرات.</subfield>
	</datafield>
	<datafield ind1="2" ind2=" " tag="880">
		<subfield code="6">710-08</subfield>
		<subfield code="a">مصر.</subfield>
		<subfield code="b">وزارة الشؤون الإجتماعية،</subfield>
		<subfield code="e">هيئة إصدار.</subfield>
		<subfield code="4">isb.</subfield>
	</datafield>
	<datafield ind1=" " ind2=" " tag="959">
		<subfield code="a">NNU</subfield>
		<subfield code="b">WEB</subfield>
		<subfield code="c">GENI</subfield>
		<subfield code="t">0</subfield>
		<subfield code="m">Electronic access</subfield>
		<subfield code="s">01</subfield>
	</datafield>
	<datafield ind1=" " ind2=" " tag="999">
		<subfield code="i">LeBAU_b12396527</subfield>
		<subfield code="s">aub_aco002667:v.1</subfield>
		<subfield code="e">(ERROR-MISC)</subfield>
		<subfield code="s">aub_aco002667:v.1</subfield>
	</datafield>
</record>
